<?xml version="1.0" encoding="utf-8"?>
<record xmlns="http://www.loc.gov/MARC21/slim" xmlns:xsi="http://www.w3.org/2001/XMLSchema-instance" xsi:schemaLocation="http://www.loc.gov/MARC21/slim http://www.loc.gov/standards/marcxml/schema/MARC21slim.xsd">
	<leader>     nam a22     Mi 4500</leader>
	<controlfield tag="001">b12756209</controlfield>
	<controlfield tag="003">LeBAU</controlfield>
	<controlfield tag="006">m        d        </controlfield>
	<controlfield tag="007">cr cn |||m|||a</controlfield>
	<controlfield tag="008">190920s1952    le      ob    ||1 0 ara d</controlfield>
	<datafield ind1=" " ind2=" " tag="040">
		<subfield code="a">ZYU</subfield>
		<subfield code="b">ara</subfield>
		<subfield code="e">rda</subfield>
		<subfield code="c">ZYU</subfield>
	</datafield>
	<datafield ind1="0" ind2=" " tag="041">
		<subfield code="a">ara</subfield>
		<subfield code="b">eng</subfield>
	</datafield>
	<datafield ind1="0" ind2="4" tag="082">
		<subfield code="a">297.3</subfield>
		<subfield code="2">22</subfield>
	</datafield>
	<datafield ind1="1" ind2=" " tag="100">
		<subfield code="6">880-01</subfield>
		<subfield code="a">Ashʻarī, Abū al-Ḥasan ʻAlī ibn Ismāʻīl,</subfield>
		<subfield code="d">873?-935?,</subfield>
		<subfield code="e">author.</subfield>
	</datafield>
	<datafield ind1="1" ind2="0" tag="245">
		<subfield code="6">880-02</subfield>
		<subfield code="a">Kitāb al-Lumaʻ fī al-radd ʻalá ahl al-zīgh wa-al-bidaʻ ;</subfield>
		<subfield code="b">[wa-yalih] Risālah fī istiḥsān al-khawḍ fi ‘ilm al-kalām /</subfield>
		<subfield code="c">ta’līf al-shaykh al-Imām Abī al-Ḥasan ‘Alī ibn Ismā‘īl al-Ashʻarī ; ‘uniya bi-nashrihi wa-taṣḥīḥihi al-Ab Ritshard Makārthī al-Yasū‘ī = The Theology of al-Ash‘arī / The Arabic texts of al-Ashʻarī's Kitāb al-Lumaʻ and Risālat Istiḥsān al-khawḍ fī ʻilm al-kalām with briefly annotated translations, and appendices containing material pertinent to the study of al-Ashʻarī / Richard J. McCarthy, S.J. M.A, D. Phil. (Oxon.)</subfield>
	</datafield>
	<datafield ind1="3" ind2="0" tag="246">
		<subfield code="6">880-03</subfield>
		<subfield code="a">Lumaʻ fī al-radd ʻalá ahl al-zīgh wa-al-bidaʻ</subfield>
	</datafield>
	<datafield ind1="3" ind2="1" tag="246">
		<subfield code="6">880-04</subfield>
		<subfield code="a">Risālah fī istiḥsān al-khawḍ fi ‘ilm al-kalām</subfield>
	</datafield>
	<datafield ind1="3" ind2="0" tag="246">
		<subfield code="a">Theology of al-Ash‘arī</subfield>
	</datafield>
	<datafield ind1=" " ind2="1" tag="264">
		<subfield code="6">880-05</subfield>
		<subfield code="a">Bayrūt :</subfield>
		<subfield code="b">al-Maṭbaʻah al-Kāthūlīkīyah,</subfield>
		<subfield code="c">1952.</subfield>
	</datafield>
	<datafield ind1=" " ind2=" " tag="300">
		<subfield code="6">880-06</subfield>
		<subfield code="a">online resource (109, 275 pages)</subfield>
	</datafield>
	<datafield ind1=" " ind2=" " tag="336">
		<subfield code="a">text</subfield>
		<subfield code="2">rdacontent</subfield>
	</datafield>
	<datafield ind1=" " ind2=" " tag="337">
		<subfield code="a">computer</subfield>
		<subfield code="2">rdamedia</subfield>
	</datafield>
	<datafield ind1=" " ind2=" " tag="338">
		<subfield code="a">online resource</subfield>
		<subfield code="2">rdacarrier</subfield>
	</datafield>
	<datafield ind1=" " ind2=" " tag="500">
		<subfield code="a">Part of the Arabic Collections Online (ACO) project, contributed by American University of Beirut's Jafet Memorial Library.</subfield>
	</datafield>
	<datafield ind1=" " ind2=" " tag="533">
		<subfield code="a">Electronic reproduction.</subfield>
		<subfield code="b">New York, N.Y. :</subfield>
		<subfield code="c">New York University,</subfield>
		<subfield code="d">2019.</subfield>
		<subfield code="5">NNU</subfield>
	</datafield>
	<datafield ind1=" " ind2="0" tag="650">
		<subfield code="6">880-07</subfield>
		<subfield code="a">Islam</subfield>
		<subfield code="x">Doctrines</subfield>
		<subfield code="v">Early works to 1800.</subfield>
	</datafield>
	<datafield ind1=" " ind2="0" tag="650">
		<subfield code="6">880-08</subfield>
		<subfield code="a">Islam</subfield>
		<subfield code="x">Theology</subfield>
		<subfield code="v">Early works to 1800.</subfield>
	</datafield>
	<datafield ind1="1" ind2="2" tag="700">
		<subfield code="6">880-09</subfield>
		<subfield code="a">Ashʻarī, Abū al-Ḥasan ʻAlī ibn Ismāʻīl,</subfield>
		<subfield code="d">873?-935?</subfield>
		<subfield code="t">Istiḥsān al-khawḍ fi ‘ilm al-kalām.</subfield>
	</datafield>
	<datafield ind1="1" ind2=" " tag="700">
		<subfield code="6">880-10</subfield>
		<subfield code="a">McCarthy, Richard Joseph,</subfield>
		<subfield code="e">compiler.</subfield>
	</datafield>
	<datafield ind1="2" ind2=" " tag="710">
		<subfield code="a">Jafet Memorial Library.</subfield>
	</datafield>
	<datafield ind1="0" ind2=" " tag="730">
		<subfield code="a">Arabic Collections Online.</subfield>
	</datafield>
	<datafield ind1="0" ind2="8" tag="776">
		<subfield code="i">Print version:</subfield>
		<subfield code="a">Ashʻarī, Abū al-Ḥasan ʻAlī ibn Ismāʻīl, 873?-935?, author.</subfield>
		<subfield code="t">Kitāb al-Lumaʻ fī al-radd ʻalá ahl al-zīgh wa-al-bidaʻ ;</subfield>
		<subfield code="w">(LeBAU)b12756209</subfield>
	</datafield>
	<datafield ind1="4" ind2="0" tag="856">
		<subfield code="u">http://hdl.handle.net/2333.1/4j0zpmwj</subfield>
	</datafield>
	<datafield ind1="1" ind2=" " tag="880">
		<subfield code="6">100-01</subfield>
		<subfield code="a">الاشعري، ابو الحسن علي بن اسماعيل،</subfield>
		<subfield code="d">873؟-935؟،</subfield>
		<subfield code="e">مؤلف.</subfield>
		<subfield code="4">aut.</subfield>
	</datafield>
	<datafield ind1="1" ind2="0" tag="880">
		<subfield code="6">245-02</subfield>
		<subfield code="a">كتاب اللمع في الرد على أهل الزيغ والبدع ؛</subfield>
		<subfield code="b">[ويليه] رسالة في إستحسان الخوض في علم الكلام  /</subfield>
		<subfield code="c">تأليف الشيخ الامام أبي الحسن علي بن إسمعيل الأشعري ؛ عني بنشره وتصحيحه الاب رتشرد يوسف مكارثي اليسوعي = The Theology of al-Ash‘arī / The Arabic texts of al-Ashʻarī's Kitāb al-Lumaʻ and Risālat Istiḥsān al-khawḍ fī ʻilm al-kalām with briefly annotated translations, and appendices containing material pertinent to the study of al-Ashʻarī / Richard J. McCarthy, S.J. M.A, D. Phil. (Oxon.)</subfield>
	</datafield>
	<datafield ind1="3" ind2="0" tag="880">
		<subfield code="6">246-03</subfield>
		<subfield code="a">لمع في الرد على أهل الزيغ والبدع</subfield>
	</datafield>
	<datafield ind1="3" ind2="1" tag="880">
		<subfield code="6">246-04</subfield>
		<subfield code="a">رسالة في إستحسان الخوض في علم الكلام.</subfield>
	</datafield>
	<datafield ind1=" " ind2="1" tag="880">
		<subfield code="6">264-05</subfield>
		<subfield code="a">بيروت :</subfield>
		<subfield code="b">المطبعة الكاثوليكية،</subfield>
		<subfield code="c">1952.</subfield>
	</datafield>
	<datafield ind1=" " ind2=" " tag="880">
		<subfield code="6">300-06</subfield>
		<subfield code="a">109، 275 صفحة ؛</subfield>
		<subfield code="c">25 سم</subfield>
	</datafield>
	<datafield ind1=" " ind2=" " tag="880">
		<subfield code="6">500-00</subfield>
		<subfield code="a">رسالة في إستحسان الخوض في علم الكلام: &quot;نشرها عن النص المطبوع (الطبعة الثانية) بمطبعة مجلس دائرة المعارف النظامية في حيدر آباد الدكن في الهند سنة 1344 هـ. وعلق عليها الأب رتشرد يوسف مكارثي اليسوعي.&quot;--صفحة [85]</subfield>
	</datafield>
	<datafield ind1=" " ind2=" " tag="880">
		<subfield code="6">504-00</subfield>
		<subfield code="a">يتضمن مراجع ببليوغرافية (صفحات [xvii]-xxii) وكشافات.</subfield>
	</datafield>
	<datafield ind1=" " ind2=" " tag="880">
		<subfield code="6">546-00</subfield>
		<subfield code="a">النص بالعربية والإنجليزية.</subfield>
	</datafield>
	<datafield ind1=" " ind2="4" tag="880">
		<subfield code="6">650-07</subfield>
		<subfield code="a">الاسلام</subfield>
		<subfield code="x">عقائد</subfield>
		<subfield code="v">اعمال قديمة حتى 1800.</subfield>
	</datafield>
	<datafield ind1=" " ind2="4" tag="880">
		<subfield code="6">650-08</subfield>
		<subfield code="a">الاسلام</subfield>
		<subfield code="x">اللاهوت</subfield>
		<subfield code="v">1800اعمال قديمة حتى.</subfield>
	</datafield>
	<datafield ind1="1" ind2="2" tag="880">
		<subfield code="6">700-09</subfield>
		<subfield code="a">الاشعري، ابو الحسن علي بن اسماعيل،</subfield>
		<subfield code="d">873؟-935؟.</subfield>
		<subfield code="t">إستحسان الخوض في علم الكلام.</subfield>
	</datafield>
	<datafield ind1="1" ind2=" " tag="880">
		<subfield code="6">700-10</subfield>
		<subfield code="a">مكارثي، ريتشرد يوسف،</subfield>
		<subfield code="e">معد.</subfield>
		<subfield code="4">com.</subfield>
	</datafield>
	<datafield ind1=" " ind2=" " tag="959">
		<subfield code="a">NNU</subfield>
		<subfield code="b">WEB</subfield>
		<subfield code="c">GENI</subfield>
		<subfield code="t">0</subfield>
		<subfield code="m">Electronic access</subfield>
		<subfield code="s">01</subfield>
	</datafield>
	<datafield ind1=" " ind2=" " tag="999">
		<subfield code="i">LeBAU_b12756209</subfield>
		<subfield code="s">aub_aco002927</subfield>
		<subfield code="e">(ERROR-880)(ERROR-MISC)</subfield>
		<subfield code="s">aub_aco002927</subfield>
	</datafield>
</record>
